<record xmlns:xsi="http://www.w3.org/2001/XMLSchema-instance" xmlns="http://www.loc.gov/MARC21/slim" xsi:schemaLocation="http://www.loc.gov/MARC21/slim http://www.loc.gov/standards/marcxml/schema/MARC21slim.xsd">

  <leader>00802nam a2200205   4500</leader>
  <controlfield tag="008">160620b        mx ||||| |||| 00| | spa d</controlfield>
  <datafield tag="020" ind2=" " ind1=" ">
    <subfield code="a">9786072407473</subfield>
  </datafield>
  <datafield tag="090" ind2=" " ind1=" ">
    <subfield code="a">06.02.01 </subfield>
    <subfield code="b">2221 </subfield>
  </datafield>
  <datafield ind2=" " ind1="1" tag="100">
    <subfield code="9">1852</subfield>
    <subfield code="a">Hirmas, Carolina</subfield>
  </datafield>
  <datafield tag="245" ind2="3" ind1="1">
    <subfield code="a">El viaje hacia la diferencia: la escuela inclusiva / Carolina Hirmas, Liliana Ramos, prólogo de Juan Eduardo García-Huidobro S</subfield>
    <subfield code="c">Carolina Hirmas, Liliana Ramos, prólogo de Juan Eduardo García-Huidobro S.</subfield>
  </datafield>
  <datafield ind2=" " ind1=" " tag="260">
    <subfield code="a">México : </subfield>
    <subfield code="b">SM de Ediciones, </subfield>
    <subfield code="c">2013</subfield>
  </datafield>
  <datafield ind2=" " ind1=" " tag="300">
    <subfield code="a">127 paginas; </subfield>
    <subfield code="b">ilustraciones</subfield>
  </datafield>
  <datafield ind2=" " ind1=" " tag="490">
    <subfield code="a">Somos Maestros. Serie Convivencia Escolar</subfield>
  </datafield>
  <datafield tag="650" ind1="1" ind2="4">
    <subfield code="9">1</subfield>
    <subfield code="a">EDUCACIÓN</subfield>
  </datafield>
  <datafield ind2="4" ind1="1" tag="650">
    <subfield code="9">2</subfield>
    <subfield code="a">EDUCACIÓN INCLUSIVA</subfield>
  </datafield>
  <datafield ind1="1" ind2="4" tag="650">
    <subfield code="9">952</subfield>
    <subfield code="a"> IGUALDAD DE OPORTUNIDADES</subfield>
  </datafield>
  <datafield ind2="4" ind1="1" tag="650">
    <subfield code="9">339</subfield>
    <subfield code="a">ESTUDIOS DE CASOS</subfield>
  </datafield>
  <datafield tag="700" ind1="1" ind2=" ">
    <subfield code="9">1853</subfield>
    <subfield code="a">Ramos, Liliana</subfield>
  </datafield>
  <datafield ind1=" " ind2=" " tag="942">
    <subfield code="2">z</subfield>
    <subfield code="c">01</subfield>
  </datafield>
  <datafield ind1=" " ind2=" " tag="999">
    <subfield code="c">3262</subfield>
    <subfield code="d">3262</subfield>
  </datafield>
</record>